@comment{x-kbibtex-personnameformatting=<%f ><%l><, %s>}

@misc{gtk2hs,
    note = "[Online]",
    title = "{Gtk2Hs}",
    url = "http://projects.haskell.org/gtk2hs"
}

@misc{hexpat,
    note = "[Online]",
    title = "{Hexpat}",
    url = "http://www.haskell.org/haskellwiki/Hexpat"
}